% This file was created with JabRef 2.6.
% Encoding: UTF-8



@ARTICLE{edtr2,
author = {Bimal Mishra and Dinesh Saini},
year = {2013},
month = {08},
pages = {1476-1482},
title = {SEIRS epidemic model with delay for transmission of malicious objects in computer network},
booktitle = {Applied Mathematics and Computation}
}

@ARTICLE{edtr5,
  author = { A. K. Misra and  Maitri Verma and Anupama Sharma},
  journal = {Applied Mathematics and Computation},
  pages = {340-349},
  title = {Capturing the interplay between malware and anti-malware in a computer network.},
  volume = 229,
  year = {2014}
}





@ARTICLE{edtr9,
  title={Two quarantine models on the attack of malicious objects in computer network},
  author={Bimal Kumar Mishra and Aditya Kumar Singh},
  journal={Mathematical Problems in Engineering},
  volume={2012},
  year={2011},
  publisher={Hindawi Publishing Corporation}
}

@ARTICLE{edtr10,
  title={The impact of media on the control of infectious diseases},
  author={Jingan Cui and Yonghong Sun and Huaiping Zhu},
  journal={Journal of Dynamics and Differential Equations},
  volume={20},
  number={1},
  pages={31-53},
  year={2008},
  publisher={Springer}
}



@ARTICLE{edtr13,
  title={Dynamics of an SEQIHRS epidemic model with media coverage, quarantine and isolation in a community with pre-existing immunity},
  author={Govind Prasad Sahu and Joydip Dhar},
  journal={Journal of Mathematical Analysis and Applications},
  volume={421},
  number={2},
  pages={1651-1672},
  year={2015},
  publisher={Elsevier}
}

@ARTICLE{edtr14,
  title={Determining important parameters in the spread of malaria through the sensitivity analysis of a mathematical model},
  author={Nakul Chitnis and James M Hyman and  Jim M Cushing},
  journal={Bulletin of Mathematical Biology},
  volume={70},
  number={5},
  pages={1272-1296},
  year={2008},
  publisher={Springer}
}

@inproceedings{edtr15,
  title={Dynamics of attack of malicious codes on the targeted network: Effect of firewall},
  author={Ashish Bhargava and Durgesh Kumar Soni and  Palash Jain and Joydip Dhar},
  booktitle={International Conference on Recent Trends in Information Technology (ICRTIT), 2016},
  pages={1-6},
  year={2016},
  organization={IEEE}
}

@article{edtr17,
author = {A. Gray and D. Greenhalgh and L. Hu and X. Mao and J. Pan},
title = {A Stochastic Differential Equation SIS Epidemic Model},
journal = {SIAM Journal on Applied Mathematics},
volume = {71},
number = {3},
pages = {876-902},
year = {2011},
}

@article{edtr20,
  title={SEIQRS model for the transmission of malicious objects in computer network},
  author={Bimal Kumar Mishra and Navnit Jha},
  journal={Applied Mathematical Modelling},
  volume={34},
  number={3},
  pages={710-715},
  year={2010},
  publisher={Elsevier}
}
@article{edtr21,
  title={A simple vaccination model with multiple endemic states},
  author={Kribs-Zaleta, Christopher M and Velasco-Hernandez, Jorge X},
  journal={Mathematical Biosciences},
  volume={164},
  number={2},
  pages={183-201},
  year={2000},
  publisher={Elsevier}
}

@comment{jabref-meta: selector_publisher:}

@comment{jabref-meta: selector_author:}

@comment{jabref-meta: selector_journal:}

@comment{jabref-meta: selector_keywords:}
