% This file was created with JabRef 2.6.
% Encoding: UTF-8

@ARTICLE{edtr1,
  author = {G. McGraw and G. Morrisett},
  title = {Attacking malicious code: A report to the infosec research council},
  journal ={IEEE Software},
  year = {2000},
  volume = {17},
  pages = {33-41},
}

@ARTICLE{edtr2,
author = {Bimal Mishra and Dinesh Saini},
year = {2013},
month = {08},
pages = {1476-1482},
title = {SEIRS epidemic model with delay for transmission of malicious objects in computer network},
booktitle = {Applied Mathematics and Computation}
}


@ARTICLE{edtr3,
author = {Bimal Mishra and Dinesh Saini},
year = {2013},
month = {08},
pages = {929-936},
title = {Mathematical models on computer viruses},
booktitle = {Applied Mathematics and Computation}
}

@ARTICLE{edtr4,
  author = {W. O. Kermack and A. G. McKendrick},
  title ={A contribution to the mathematical theory of epidemics,
in: Proceedings of the Royal Society of London A: Mathematical, Physical and Engineering
Sciences},
  journal = {The Royal Society},
  year = {1927},
  volume = {115},
  pages = {700 - 721},
}


@ARTICLE{edtr5,
  author = { A. K. Misra and  Maitri Verma and Anupama Sharma},
  journal = {Applied Mathematics and Computation},
  pages = {340-349},
  title = {Capturing the interplay between malware and anti-malware in a computer network.},
  volume = 229,
  year = {2014}
}



@ARTICLE{edtr6,
  title={A worm defending model with partial immunization and its stability analysis},
  author={ FW Wang and  Yong Yang and DM Zhao and Yunkai Zhang},
  journal={Journal of Communnications},
  volume={10},
  number={4},
  pages={276-283},
  year={2015}
}
@ARTICLE{edtr7,
  author = {B. K. Mishra and G. M. Ansari},
  title = {Mathematical models on interaction between
computer virus and antivirus software inside a computer system},
  journal = {International Journal of Computer and Network Security},
  year = {2010},
  volume = {2},
  pages = {84-89},

}

@ARTICLE{edtr8,
  title={Mathematical models on computer viruses},
  author={Bimal Kumar Mishra and Dinesh Saini},
  journal={Applied Mathematics and Computation},
  volume={187},
  number={2},
  pages={929-936},
  year={2007},
  publisher={Elsevier}
}


@ARTICLE{edtr9,
  title={Two quarantine models on the attack of malicious objects in computer network},
  author={Bimal Kumar Mishra and Aditya Kumar Singh},
  journal={Mathematical Problems in Engineering},
  volume={2012},
  year={2011},
  publisher={Hindawi Publishing Corporation}
}

@ARTICLE{edtr10,
  title={The impact of media on the control of infectious diseases},
  author={Jingan Cui and Yonghong Sun and Huaiping Zhu},
  journal={Journal of Dynamics and Differential Equations},
  volume={20},
  number={1},
  pages={31-53},
  year={2008},
  publisher={Springer}
}

@ARTICLE{edtr11,
  title={The impact of media coverage on the dynamics of infectious disease},
  author={Yiping Liu and Jing-an Cui},
  journal={International Journal of Biomathematics},
  volume={1},
  number={01},
  pages={65-74},
  year={2008},
  publisher={World Scientific}
}

@ARTICLE{edtr12,
  title={Analysis of an SVEIS epidemic model with partial temporary immunity and saturation incidence rate},
  author={Govind Prasad Sahu and Joydip Dhar},
  journal={Applied Mathematical Modelling},
  volume={36},
  number={3},
  pages={908-923},
  year={2012},
  publisher={Elsevier}
}

@ARTICLE{edtr13,
  title={Dynamics of an SEQIHRS epidemic model with media coverage, quarantine and isolation in a community with pre-existing immunity},
  author={Govind Prasad Sahu and Joydip Dhar},
  journal={Journal of Mathematical Analysis and Applications},
  volume={421},
  number={2},
  pages={1651-1672},
  year={2015},
  publisher={Elsevier}
}

@ARTICLE{edtr14,
  title={Determining important parameters in the spread of malaria through the sensitivity analysis of a mathematical model},
  author={Nakul Chitnis and James M Hyman and  Jim M Cushing},
  journal={Bulletin of Mathematical Biology},
  volume={70},
  number={5},
  pages={1272-1296},
  year={2008},
  publisher={Springer}
}

@inproceedings{edtr15,
  title={Dynamics of attack of malicious codes on the targeted network: Effect of firewall},
  author={Ashish Bhargava and Durgesh Kumar Soni and  Palash Jain and Joydip Dhar},
  booktitle={International Conference on Recent Trends in Information Technology (ICRTIT), 2016},
  pages={1-6},
  year={2016},
  organization={IEEE}
}
@ARTICLE{edtr16,
  title={Mathematical Model on Attack by Malicious Objects Leading to Cyber War},
  author={Bimal Kumar Mishra and Apeksha Prajapati},
  journal={International Journal of Nonlinear Science},
  volume={17},
  number={2},
  pages={145-153},
  year={2014}
}
@article{edtr17,
author = {A. Gray and D. Greenhalgh and L. Hu and X. Mao and J. Pan},
title = {A Stochastic Differential Equation SIS Epidemic Model},
journal = {SIAM Journal on Applied Mathematics},
volume = {71},
number = {3},
pages = {876-902},
year = {2011},
}

@misc{edtr18,
  title={Modeling epidemics with differential equation},
  author={Ross Beckley and Cametria Weatherspoon and Michael Alexander and Marissa Chandler and Anthony Johnson and Ghan S Bhatt},
  year={2013}
}

@article{edtr19,
  title={Media alert in an SIS epidemic model with logistic growth},
  author={Lianwen Wang and Da Zhou and Zhijun Liuand, Dashun Xu and Xinan Zhang},
  journal={Journal of Biological Dynamics},
  volume={11},
  number={sup1},
  pages={120--137},
  year={2017},
  publisher={Taylor \& Francis}
}
@article{edtr20,
  title={SEIQRS model for the transmission of malicious objects in computer network},
  author={Bimal Kumar Mishra and Navnit Jha},
  journal={Applied Mathematical Modelling},
  volume={34},
  number={3},
  pages={710-715},
  year={2010},
  publisher={Elsevier}
}
@article{edtr21,
  title={A simple vaccination model with multiple endemic states},
  author={Kribs-Zaleta, Christopher M and Velasco-Hernandez, Jorge X},
  journal={Mathematical Biosciences},
  volume={164},
  number={2},
  pages={183-201},
  year={2000},
  publisher={Elsevier}
}
@article{edtr22,
  title={Low-order classical Runge-Kutta formulas with stepsize control and their application to some heat transfer problems},
  author={Erwin Fehlberg},
  year={1969}
}

@comment{jabref-meta: selector_publisher:}

@comment{jabref-meta: selector_author:}

@comment{jabref-meta: selector_journal:}

@comment{jabref-meta: selector_keywords:}
